@article{diirrcombate,
  title={Combate {\`a} corrup{\c{c}}{\~a}o atrav{\'e}s de relacionamentos interorganizacionais transparentes},
  author={Diirr, Bruna and Cappelli, Claudia},
  year={2017}
}

@article{abramo2000relaccoes,
  title={Rela{\c{c}}{\~o}es entre {\'\i}ndices de percep{\c{c}}{\~a}o de corrup{\c{c}}{\~a}o e outros indicadores em onze pa{\'\i}ses da Am{\'e}rica Latina},
  author={Abramo, Cl{\'a}udio Weber},
  journal={SPECK, Bruno W. et al. Os custos da corrup{\c{c}}{\~a}o. Cadernos Adenauer},
  number={10},
  pages={47--62},
  year={2000}
}

@article{filgueiras2009tolerancia,
  title={A toler{\^a}ncia {\`a} corrup{\c{c}}{\~a}o no Brasil: uma antinomia entre normas morais e pr{\'a}tica social},
  author={Filgueiras, Fernando},
  journal={Opini{\~a}o P{\'u}blica},
  volume={15},
  number={2},
  pages={386--421},
  year={2009},
  publisher={SciELO Brasil}
}

@inproceedings{van2017graph,
  title={Graph database: A case study for detecting fraud in acquisition of Brazilian Government},
  author={Van Erven, Gustavo CG and Carvalho, Rommel Novaes and de Holanda, Maristela Terto and Ralha, C{\'e}lia},
  booktitle={Information Systems and Technologies (CISTI), 2017 12th Iberian Conference on},
  pages={1--6},
  year={2017},
  organization={IEEE}
}

@inproceedings{noble2003graph,
  title={Graph-based anomaly detection},
  author={Noble, Caleb C and Cook, Diane J},
  booktitle={Proceedings of the ninth ACM SIGKDD international conference on Knowledge discovery and data mining},
  pages={631--636},
  year={2003},
  organization={ACM}
}

@inproceedings{chau2005fraud,
  title={Fraud detection in electronic auction},
  author={Chau, D and Faloutsos, Christos},
  booktitle={European Web Mining Forum (EWMF 2005)},
  pages={87},
  year={2005}
}

@book{bondy1976graph,
  title={Graph theory with applications},
  author={Bondy, John Adrian and Murty, Uppaluri Siva Ramachandra and others},
  volume={290},
  year={1976},
  publisher={Citeseer}
}

@article{nayak2013type,
  title={Type of NOSQL databases and its comparison with relational databases},
  author={Nayak, Ameya and Poriya, Anil and Poojary, Dikshay},
  journal={International Journal of Applied Information Systems},
  volume={5},
  number={4},
  pages={16--19},
  year={2013}
}

@misc{Graphpopularity,
	title = {Graph DBMSs are gaining in popularity faster than any other database category.},
	author={Matthias Gelbmann},
	Howpublished = {\url{https://db-engines.com/en/blog_post/26}},
	year={2014},
	Note = {Acessado em janeiro de 2018}}

@InProceedings{mdgnosql,
author="Van Erven, Gustavo
and Silva, Waldeyr
and Carvalho, Rommel
and Holanda, Maristela",
editor="Rocha, {\'A}lvaro
and Adeli, Hojjat
and Reis, Lu{\'i}s Paulo
and Costanzo, Sandra",
title="GRAPHED: A Graph Description Diagram for Graph Databases",
booktitle="Trends and Advances in Information Systems and Technologies",
year="2018",
publisher="Springer International Publishing",
address="Cham",
pages="1141--1151",
abstract="Within recent years, graph database systems have become very popular and deployed mainly in situations where the relationship between data is significant, such as in social networks. Although they do not require a particular schema design, a data model contributes to their consistency. Designing diagrams is one approach to satisfying this demand for a conceptual data model. While researchers and companies have been developing concepts and notations for graph database modeling, their notations focus on their specific implementations. In this paper, we propose a diagram to address this lack of a generic and comprehensive notation for graph database modeling, called GRAPHED (Graph Description Diagram for Graph Databases). We verified the effectiveness and compatibility of GRAPHED in a case study in fraud identification in the Brazilian government.",
isbn="978-3-319-77703-0"
}